<?xml version="1.0" encoding="UTF-8"?><collection xmlns="http://www.loc.gov/MARC21/slim"><record><leader>00410nam--2200133-i-4500</leader><controlfield tag="001">000007780</controlfield><controlfield tag="002">20161230</controlfield><controlfield tag="005">20161230201027</controlfield><controlfield tag="008">060222s1000------------r-----000-0-eng-d</controlfield><datafield ind1=" " ind2=" " tag="100"><subfield code="a">Anselme, J.P., Overberger, C.G. And Lombardino J.G</subfield></datafield><datafield ind1=" " ind2=" " tag="245"><subfield code="a">Organic compounds with nitrogen-nitrogen bonds</subfield></datafield><datafield ind1=" " ind2=" " tag="260"><subfield code="a">New York, The Ronald Press Co., 1966 Vi + 115 P</subfield></datafield><datafield ind1=" " ind2=" " tag="490"><subfield code="a">Modern Concepts In Chemistry</subfield></datafield><datafield ind1=" " ind2=" " tag="852"><subfield code="a">24225</subfield></datafield></record></collection>